<record><leader>00000cas a22000007a 4500</leader><controlfield tag="001">18421207</controlfield><controlfield tag="008">880829d189u1893nyudn ne      0    0eng d</controlfield><datafield ind1=" " ind2=" " tag="010"><subfield code="a">sn 88074728 </subfield></datafield><datafield ind1=" " ind2=" " tag="040"><subfield code="a">NYS</subfield><subfield code="b">eng</subfield><subfield code="c">NYS</subfield><subfield code="d">OCLCQ</subfield></datafield><datafield ind1=" " ind2=" " tag="042"><subfield code="a">msc</subfield></datafield><datafield ind1="0" ind2=" " tag="130"><subfield code="a">Morning recorder (Amsterdam, N.Y.)</subfield></datafield><datafield ind1="1" ind2="0" tag="245"><subfield code="a">Morning recorder.</subfield></datafield><datafield ind1="3" ind2="0" tag="246"><subfield code="a">Daily recorder</subfield></datafield><datafield ind1=" " ind2=" " tag="260"><subfield code="a">Amsterdam, N.Y. :</subfield><subfield code="b">[Finlayson &amp; Lynck]</subfield></datafield><datafield ind1=" " ind2=" " tag="300"><subfield code="a">v.</subfield></datafield><datafield ind1=" " ind2=" " tag="310"><subfield code="a">Daily (except Sunday)</subfield></datafield><datafield ind1="1" ind2=" " tag="362"><subfield code="a">Ceased in 1893.</subfield></datafield><datafield ind1=" " ind2=" " tag="500"><subfield code="a">Published as: Daily recorder, &lt;Mar. 24, 1892&gt;.</subfield></datafield><datafield ind1=" " ind2=" " tag="588"><subfield code="a">Description based on: Vol. 10, no. 296 (Mar. 15, 1892).</subfield></datafield><datafield ind1=" " ind2="4" tag="651"><subfield code="a">Amsterdam (N.Y.)</subfield><subfield code="v">Newspapers.</subfield></datafield><datafield ind1=" " ind2="4" tag="651"><subfield code="a">Montgomery County (N.Y.)</subfield><subfield code="v">Newspapers.</subfield></datafield><datafield ind1=" " ind2=" " tag="752"><subfield code="a">United States</subfield><subfield code="b">New York</subfield><subfield code="c">Montgomery</subfield><subfield code="d">Amsterdam.</subfield></datafield><datafield ind1="0" ind2="0" tag="780"><subfield code="t">Evening recorder (Amsterdam, N.Y.)</subfield><subfield code="w">(DLC)sn 88074133</subfield></datafield><datafield ind1="0" ind2="7" tag="785"><subfield code="t">Daily Democrat (Amsterdam, N.Y.)</subfield><subfield code="w">(DLC)sn 84031034</subfield></datafield><datafield ind1="0" ind2="7" tag="785"><subfield code="t">Daily Democrat and daily recorder</subfield><subfield code="w">(DLC)sn 84031056</subfield></datafield><datafield ind1="1" ind2=" " tag="029"><subfield code="a">AU@</subfield><subfield code="b">000020531052</subfield></datafield></record>